
@techreport{SPSC-P-355,
      author        = "Andreopoulos, C and Barker, G and Bordoni, S and Boyd, S
                       and Brailsford, D and Brice, S and Catanesi, G and
                       Chen-Wishart, Z and Denner, P and Dunne, P and Giganti, C
                       and Gonzalez Diaz, D and Haigh, J and Hamacher-Baumann, P
                       and Hallsjo, S and Hayato, Y and Irastorza, I and Jamieson,
                       B and Kaboth, A and Korzenev, A and Kudenko, Y and Leyton,
                       M and Luk, K-B and Ma, W and Mahn, K and Martini, M and
                       McCauley, N and Mermod, P and Monroe, J and Mosel, U and
                       Nichol, R and Nieves, J and Nonnenmacher, T and Nowak, J
                       and Parker, W and Raaf, J and Rademacker, J and
                       Radermacher, T and Radicioni, E and Roth, S and Saakyan, R
                       and Sanchez, F and Sgalaberna, D and Shitov, Y and Sobczyk,
                       J and Soler, F and Touramanis, C and Valder, S and Walding,
                       J and Ward, M and Wascko, M and Weber, A and Yokoyama, M
                       and Zalewska, A and Ziembicki, M",
      title         = "{Proposal to Measure Hadron Scattering with a Gaseous High
                       Pressure TPC for Neutrino Oscillation Measurements}",
      institution   = "CERN",
      collaboration = "HPTPC Collaboration",
      address       = "Geneva",
      number        = "CERN-SPSC-2017-030. SPSC-P-355",
      month         = "Sep",
      year          = "2017",
      reportNumber  = "CERN-SPSC-2017-030",
      url           = "http://cds.cern.ch/record/2284748",
}

@inproceedings{S3-proceedings,
      author         = "Korzenev, A. and others",
      title          = "{Plastic scintillator detector with the readout based on
                        an array of large-area SiPMs for the ND280/T2K upgrade and
                        SHiP experiments}",
      booktitle      = "{International Workshop on New Photon Detectors (PD18)
                        Tokyo, Japan, November 27-29, 2018}",
      year           = "2019",
      eprint         = "1901.07785",
      archivePrefix  = "arXiv",
      primaryClass   = "physics.ins-det",
      SLACcitation   = "%%CITATION = ARXIV:1901.07785;%%"
}

@manual{Hamamatsu,
      title  = "Hamamatsu Photonics K.K.",
      url    = "http://www.hamamatsu.com",
      note   = "\url{http://www.hamamatsu.com}",
      year   = "(accessed March, 2019)"
    }


@manual{SCIONIX,
      title = "SCIONIX HOLLAND BV, Radiation Detectors \& Crystals",
      note  = "\url{http://scionix.nl}",
      URL   = "{http://scionix.nl}",
      year   = "(accessed March, 2019)"
}

@article{Abe:2018wpn,
      author         = "Abe, K. and others",
      title          = "{Search for CP Violation in Neutrino and Antineutrino
                        Oscillations by the T2K Experiment with $2.2\times10^{21}$
                        Protons on Target}",
      collaboration  = "T2K",
      journal        = "Phys. Rev. Lett.",
      volume         = "121",
      year           = "2018",
      number         = "17",
      pages          = "171802",
      doi            = "10.1103/PhysRevLett.121.171802",
      eprint         = "1807.07891",
      archivePrefix  = "arXiv",
      primaryClass   = "hep-ex",
      SLACcitation   = "%%CITATION = ARXIV:1807.07891;%%"
}

@article{Andreopoulos:2009rq,
      author         = "Andreopoulos, C. and others",
      title          = "{The GENIE Neutrino Monte Carlo Generator}",
      journal        = "Nucl. Instrum. Meth.",
      volume         = "A614",
      year           = "2010",
      pages          = "87-104",
      doi            = "10.1016/j.nima.2009.12.009",
      eprint         = "0905.2517",
      archivePrefix  = "arXiv",
      primaryClass   = "hep-ph",
      reportNumber   = "FERMILAB-PUB-09-418-CD",
      SLACcitation   = "%%CITATION = ARXIV:0905.2517;%%"
}

@article{Cao:2014zra,
      author         = "Cao, J. and others",
      title          = "{Initial report from the ICFA Neutrino Panel}",
      year           = "2014",
      eprint         = "1405.7052",
      archivePrefix  = "arXiv",
      primaryClass   = "physics.acc-ph",
      reportNumber   = "FERMILAB-TM-2589-DI",
      SLACcitation   = "%%CITATION = ARXIV:1405.7052;%%"
}

@article{Coloma:2013rqa,
      author         = "Coloma, P. and Huber, P.",
      title          = "{Impact of nuclear effects on the extraction of neutrino
                        oscillation parameters}",
      journal        = "Phys. Rev. Lett.",
      volume         = "111",
      year           = "2013",
      number         = "22",
      pages          = "221802",
      doi            = "10.1103/PhysRevLett.111.221802",
      eprint         = "1307.1243",
      archivePrefix  = "arXiv",
      primaryClass   = "hep-ph",
      SLACcitation   = "%%CITATION = ARXIV:1307.1243;%%"
}

@article{GOLAN2012499,
    title = "NuWro: the Wroc≈Çaw Monte Carlo Generator of Neutrino Interactions",
    journal = "Nuclear Physics B - Proceedings Supplements",
    volume = "229-232",
    pages = "499",
    year = "2012",
    note = "Neutrino 2010",
    issn = "0920-5632",
    doi = "https://doi.org/10.1016/j.nuclphysbps.2012.09.136",
    url = "http://www.sciencedirect.com/science/article/pii/S0920563212003532",
    author = "T. Golan and J.T. Sobczyk and J. ≈ªmuda",
    keywords = "neutrino, interaction, nucleus, Monte Carlo, cascade",
    abstract = "Recent developments in NuWro Monte Carlo generator of neutrino interactions are presented."
}

@article{Hayato:2009zz,
      author         = "Hayato, Yoshinari",
      title          = "{A neutrino interaction simulation program library NEUT}",
      booktitle      = "{Neutrino interactions: From theory to Monte Carlo
                        simulations. Proceedings, 45th Karpacz Winter School in
                        Theoretical Physics, Ladek-Zdroj, Poland, February 2-11,
                        2009}",
      journal        = "Acta Phys. Polon.",
      volume         = "B40",
      year           = "2009",
      pages          = "2477-2489",
      SLACcitation   = "%%CITATION = APPOA,B40,2477;%%"
}

@article{PhysRevC.54.1329,
  title = {Total reaction cross section calculations in proton-nucleus scattering},
  author = {Wellisch, H. P. and Axen, D.},
  journal = {Phys. Rev. C},
  volume = {54},
  issue = {3},
  pages = {1329--1332},
  numpages = {0},
  year = {1996},
  month = {Sep},
  publisher = {American Physical Society},
  doi = {10.1103/PhysRevC.54.1329},
  url = {https://link.aps.org/doi/10.1103/PhysRevC.54.1329}
}

@article{S3-readout,
      author         = "Betancourt, C. and others",
      title          = "{Application of large area SiPMs for the readout of a
                        plastic scintillator based timing detector}",
      journal        = "JINST",
      volume         = "12",
      year           = "2017",
      number         = "11",
      pages          = "P11023",
      doi            = "10.1088/1748-0221/12/11/P11023",
      eprint         = "1709.08972",
      archivePrefix  = "arXiv",
      primaryClass   = "physics.ins-det",
      SLACcitation   = "%%CITATION = ARXIV:1709.08972;%%"
}

@article{Wascko:2009cn,
      author         = "Wascko, M. O.",
      title          = "{Experimental measurements of neutrino cross-sections
                        near 1-GeV}",
      booktitle      = "{Neutrino interactions: From theory to Monte Carlo
                        simulations. Proceedings, 45th Karpacz Winter School in
                        Theoretical Physics, Ladek-Zdroj, Poland, February 2-11,
                        2009}",
      journal        = "Acta Phys. Polon.",
      volume         = "B40",
      year           = "2009",
      pages          = "2421-2444",
      eprint         = "0908.1979",
      archivePrefix  = "arXiv",
      primaryClass   = "hep-ex",
      SLACcitation   = "%%CITATION = ARXIV:0908.1979;%%"
}

@article{Wascko:2011hy,
      author         = "Wascko, M. O.",
      title          = "{Recent Measurements of Neutrino-Nucleus Quasi-Elastic
                        Scattering}",
      booktitle      = "{Proceedings, 24th International Conference on Neutrino
                        physics and astrophysics (Neutrino 2010): Athens, Greece,
                        June 14-19, 2010}",
      journal        = "Nucl. Phys. Proc. Supl.",
      volume         = "229-232",
      year           = "2012",
      pages          = "179-183",
      doi            = "10.1016/j.nuclphysbps.2012.09.029",
      eprint         = "1107.3400",
      archivePrefix  = "arXiv",
      primaryClass   = "hep-ex",
      SLACcitation   = "%%CITATION = ARXIV:1107.3400;%%"
}

@article{wellisch1996total,
  title={Total reaction cross section calculations in proton-nucleus scattering},
  author={Wellisch, HP and Axen, D},
  journal={Physical Review C},
  volume={54},
  number={3},
  pages={1329},
  year={1996},
  publisher={APS}
}

@inproceedings{SAMPIC,
  TITLE = {{The SAMPIC Waveform and Time to Digital Converter}},
  AUTHOR = {Delagnes, E. and others},
  URL = {http://hal.in2p3.fr/in2p3-01082061},
  NOTE = {Sce Electronique},
  @BOOKTITLE = {{2014 IEEE Nuclear Science Symposium and Medical Imaging Conference (2014 NSS/MIC)}},
  BOOKTITLE = {{2014 IEEE Nuclear Science Symposium (2014 NSS/MIC)}},
  ADDRESS = {Seattle, US},
  HAL_LOCAL_REFERENCE = {LAL/RT 14-81},
  YEAR = {2014},
  MONTH = Nov,
  KEYWORDS = {Delay lock loop ; Time measurement ; Analog-digital conversion ; Front-end electronics ; CMOS ; Mixed analog-digital integrated circuits},
  PDF = {http://hal.in2p3.fr/in2p3-01082061/file/SAMPIC_NSS2014.pdf},
  HAL_ID = {in2p3-01082061},
  HAL_VERSION = {v1},
}
